\usepackage[utf8]
@article{art1,
    author    = "John-John Cabibihan and Hifza Javed and Marcelo Ang Jr. and Sharifah Mariam Aljunied",
    title     = "Why Robots? A Survey on the Roles and Benefits of Social Robots in the Therapy of Children with Autism",
    journal   = "International Journal of Social Robotics",
    volume   = "5",
    number   = "4",
    pages    = "593--618",
    year      = "2013",
    month    = "November"
}


@article{art2,
    author    = "Barbara Celani",
    title     = "Lo Sviluppo \'{e} Gioco... e viceversa",
    journal   = "Tiflologia per l''integrazione",
    volume   = "3",
    pages    = "158--154",
    year      = "2006"
}


@article{art3,
    author    = "Rianne Jansens and Pedro Encarna{\c c}\={a}o and Serenella Besio",
    title     = "LUDI: a Pan-European Network Addressing Technology to Support Play for Children with Disabilities",
    journal   = "Proceedings New Friends 2015 - The 1st International Conference on Social Robots in Therapy and Education",
    pages    = "6--7",
    year      = "2015"
}


@article{art4,
    author    = "Kenneth R. Ginsburg and Regina M. Milteer",
    title     = "The Importance of Play in Promoting Healthy Child Development and Maintaining Strong Parent-Child Bonds",
    journal   = "Pediatrics",
    number    = "1",
    volume   = "119",
    year      = "2007",
    month    = "January"
}


@article{art5,
    author    = "Ivana Kruijff-Korbayov\`{a} and Elettra Oleari and Clara Pozzi and Francesca Sacchitelli and Anahita Bagherzadhalimi and Sara Bellini and Bernd Kiefer and Stefania Raciopp and Alexandre Coninx and Paul Baxter and Bert Bierman and Olivier Blanson Henkemans and Mark Neerincx and Rosemarijn Loije and Yiannis Demiris and Raquel Ros Espinoza and Marco Mosconi and Piero Cosi and R\'{e}mi Humbert and Lola Ca\~{n}amero and Hichem Sahli and Joachim de Greeff and James Kennedy and Robin Read and Matthew Lewis and Antoine Hiolle and Giulio Paci and Giacomo Sommavilla and Fabio Tesser and Georgios Athanasopoulos and Georgios Patsis and Werner Verhelst and Alberto Sanna and Tony Belpaemed",
    title     = "Let's Be Friends: Perception of a Social Robotic Companion for children with T1DM",
    journal   = "Proceedings New Friends 2015 - The 1st International Conference on Social Robots in Therapy and Education",
    pages     = "32--33",
    year      = "2015"
}


@article{art6,
    author    = "Peter Ljungl{\"o}f and Britt Claesson and Ingrid Mattsson M{\"u}ller", 
    title     = "Lekbot: A talking and playing robot for children with disabilities",
    journal   = "Proceedings of the 2nd Workshop on Speech and Language Processing for Assistive Technologies",
    pages     = "110--119",
    month     = "July",
    year      = "2011"
}


@article{art7,
    author    = "Peter Ljungl{\"o}f and Staffan Larsson and Katarin M{\"u}hlenbock and Gunilla Thunberg",
    title     = "TRIK: A Talking and Drawing Robot for Children with Communication Disabilities",
    journal   = "Proceedings of the 17th Nordic Conference of Computational Linguistics NODALIDA 2009",
    pages     = "32--33",
    year      = "2009",
    month     = "May",
    volume    = "4"
}


@article{art8,
    author    = "Laura Marchal--Crespo and Jan Furumasu and David J. Reinkensmeyer",
    title     = "A robotic wheelchair trainer: design overview and a feasibility study",
    journal   = "Journal of NeuroEngineering and Rehabilitation",
    year      = "2010",
    pages     = "7--40"
}

@article{art9,
    author    = "Cheryl Missiuna and Nancy Pollock",
    title     = "Play Deprivation in Children With Physical Disabilities: The Role of the Occupational Therapist in Preventing Secondary Disability",
    journal   = "American Journal of Occupational Therapy",
    volume   = "45",
    pages    = "883--888",
    year      = "1991"
}


@article{art10,
    author    = "Yvette Pearson and Jason Borenstein",
    title     = "The Interventionof Robot Caregivers and the Cultivation of Children's Capability to Play",
    journal   = "Science and Engineering Ethics",
    volume   = "19",
    number   = "1",
    pages    = "123--127",
    month   = "September",
    year      = "2011"
}

@article{art11,
    author    = "Ren\'{e}e van den Heuvel and Monique Lexis and Luc de Witte",
    title     = "Possibilities Of The IROMEC Robot For Children With Severe Physical Disabilities",
    journal   = "Proceedings New Friends 2015 - The 1st International Conference on Social Robots in Therapy and Education",
    pages    = "46--47",
    year      = "2015"
}


@article{art12,
    author    = "Jacqueline Kory Westlund and Leah Dickens and Sooyeon Jeong and Paul Harris and David DeSteno and Cynthia Breazeal",
    title     = "A Comparison of Children Learning New Words from Robots, Tablets, \& People",
    journal   = "Proceedings New Friends 2015 - The 1st International Conference on Social Robots in Therapy and Education",
    pages    = "26--27",
    year      = "2015"
}


@article{art13,
    author    = "Frances Wijnen and Vicky Charisi and Daniel Davison and Jan van der Meij and Dennis Reidsma and Vanessa Evers",
    title     = "Inquiry learning with a social robot: can you explain that to me?",
    journal   = "Proceedings New Friends 2015 - The 1st International Conference on Social Robots in Therapy and Education",
    pages    = "24--25",
    year      = "2015"
}